%% Created for Ismael Felipe Ferreira dos Santos


%% Saved with string encoding Unicode (UTF-8) 

@misc{LoiElectricite,
	Address = {Paris},
	Author = {Charles Augustin Coulomb},
	Publisher = {Académie Royale des Sciences},
	title = {Mémoires sur l'électricité et le magnétisme},
	pages = {569 - 577},
	Year = {1788}
}
@misc{polipropileno,
	title = {Polipropileno},
	url = {https://ppqujap.files.wordpress.com/2016/05/proceso-de-polipropileno.pdf},
	urlaccessdate={20 out. 2019},
}
@book{CursodeFisicaGeneral,
	Address = {URSS},
	Author = {L. Landau and A. Ajiezer and E. Lifshitz},
	Publisher = {Editorial Mir Moscù},
	Title = {Curso de fisica general},
	Year = {1973}
}
@book{Fisica3es,
	Address = {URSS},
	Author = {B. B. Bujovtsev'},
	Publisher = {Editorial Mir Moscù},
	Title = {Física 3},
	Year = {1986}
}

@book{principia1,
	Address = {São Paulo},
	Author = {Sir Isaac Newton},
	volume = {I},
	Publisher = {Edusp},
	Title = {Princípios matemáticos da filosofia natural},
	Year = {2016}
}
@book{principia2,
	Address = {São Paulo},
	Author = {Sir Isaac Newton},
	volume = {II},
	Publisher = {Edusp},
	Title = {Princípios matemáticos da filosofia natural},
	Year = {2016}
}
@book{moyses1,
Title     = "Curso de F\'isica B\'asica: Mec\^anica",
Author    = "Herch Moys\'es Nussenzveig",
Address   = "S\~ao Paulo",
Publisher = "Edgard Bl\"ucher",
volume    = "1",
Edition   = "5",
Year      = "2013",
isbn      = "852120745X",
}
@book{moyses2,
   title = {Curso de Física Básica 2},
   author = {Herch Moyses Nussenzveig},
   Publisher = {Edgard Blücher},
   Address = {São Paulo},
   year = {2014},
   Edition = {5ª},
   isbn = {978-85-212-0747-4}
}
@book{moyses3,
   title = {Curso de Física Básica 3},
   author = {Herch Moyses Nussenzveig},
   Publisher = {Edgard Blücher},
   Address = {São Paulo},
   year = {2015},
   Edition = {2ª},
   isbn = {978-85-212-0802-0}
}
@book{moyses4,
   title = {Curso de física básica},
   author = {Herch Moyses Nussenzveig},
   Publisher = {Edgard Blücher},
   Address = {São Paulo},
   year = {1998},
   volume = {4},
   isbn = {978-85-212-0163-2}
}
@book{Halliday1,
	Address = {Rio de Janeiro},
	Author = {Halliday, David},
	volume = {1},
	Edition = {8ª},
	Publisher = {LTC},
	Title = {Fundamentos de F{\' \i}sica},
	Year = {2009}
}
@book{Halliday2,
	Address = {Rio de Janeiro},
	Author = {Halliday, David},
	volume = {2},
	Edition = {8ª},
	Publisher = {LTC},
	Title = {Fundamentos de F{\' \i}sica},
	Year = {2009}
}
@book{Halliday3,
	Address = {Rio de Janeiro},
	Author = {Halliday, David},
	volume = {3},
	Edition = {8ª},
	Publisher = {LTC},
	Title = {Fundamentos de F{\' \i}sica},
	Year = {2009}
}
@book{Halliday4,
	Address = {Rio de Janeiro},
	Author = {Halliday, David},
	volume = {4},
	Edition = {8ª},
	Publisher = {LTC},
	Title = {Fundamentos de F{\' \i}sica},
	Year = {2009}
}
@book{young2,
	Address = {São Paulo},
	Author = {Hugh Ypung},
	Edition = {8ª},
	Publisher = {Pearson Education do Brasil},
	Title = {Física II},
	Year = {2008}
}
